@article{FornbergPSPolar,
    author  = "B. Fornberg",
    title   = "{A Pseudospectral Approach for Polar and Spherical Geometries}",
    journal = "SIAM Journal on Scientific Computing",
    volume  = "16",
    number  = "5",
    pages   = "1071-1081",
    year   = "1995"
}

@book{FornbergText,
    author  = "B. Fornberg",
    title   = {A Practical Guide to Pseudospectral Methods},
    Publisher = "Cambridge University Press, Cambridge, U.K.",
    Year    = "1998"
}

@article{InstSpecMeth,
    author  = "L.~N. Trefethen and M.~R. Trummer",
    title   = "{An Instability Phenomenon in Spectral Methods}",
    journal = "SIAM Journal on Numerical Analysis",
    volume  = "24",
    number  = "5",
    pages   = "1008-1022",
    year   = "1989" 
}

@book{TrefethenMATLAB,
    author  = "L.~N. Trefethen",
    title   = {Introduction to Spectral Methods Using MATLAB},
    Publisher = "SIAM, Philadelphia, PA.",
    Year    = "2000"
}

@electronic{QMOD,
	author = {Jeffrey A. Ryan, Joshua M. Ulrich, and Wouter Thielen},
	title = {Quantitative Financial Modelling Framework},
	year = 2015-07-24,
	url = \url{{https://cran.r-project.org/web/packages/quantmod/quantmod.pdf}},
	urldate = {2015-11-11}
}

@electronic{TTR,
	author = {Joshua Ulrich},
	title = {Technical Trading Rules},
	year = 2015-07-09,
	url = {\url{{https://cran.r-project.org/web/packages/TTR/TTR.pdf}},
	urldate = {2015-11-11}
}

@electronic{JSZ,
	author = {Haomiao Jiang, Shunrong Shen, and Tongda Zhang},
	title = {Stock Market Forecasting Using Machine Learning Algorigthms},
	url = {\url{{http://citeseerx.ist.psu.edu/viewdoc/download?doi=10.1.1.278.6139&rep=rep1&type=pdf}},
	urldate = {2015-11-11}
}

@electronic{MZ,
	author = {Marijana Zekie},
	title = {Neural Network Applications in Stock Market Predictions},
	url = {\url{{http://www.efos.unios.hr/arhiva/dokumenti/mzekic_varazdin98.pdf }},
	urldate = {2015-11-11}
}

@article{ANHS,
	author = {Khalid Alkhatib, Hassan Najadat, Ismail Hmeidi, and Mohammed K. Ali Shatnawi},
	title = {Stock Price Prediction Using K-Nearest Neighbor (kNN) Algorithm},
	Publisher = {International Journal of Business, Humanities and Technology},
	volume = "3",
	number = "3",
	year = "March 2013",
	url = {\url{{http://www.ijbhtnet.com/journals/Vol_3_No_3_March_2013/4.pdf }},
	urldate = {2015-11-11}
}

@electronic{KK,
	author = {Kyoung-jae Kim},
	title = {Financial time series forecasting using support vector machines},
	url = {\url{{http://www.cse.ust.hk/~leichen/courses/comp630p/collection/reference-1-23.pdf }},
	year = "March 2003",
	urldate = {2015-11-11},
	note = "Neurocomputing 55 (2003) 307â€“319",
}

@article{BRS,
	author = {Jerry K. Bilbrey, Jr., Neil F. Riley, and Caitlin L. Sams},
	title = {Short-term prediction of exchange traded funds (ETFs) using logistic regression generated client risk profiles},
	Publisher = {Journal of Finance and Accountancy},
	url = {\url{{http://www.aabri.com/manuscripts/131609.pdf }},
	urldate = {2015-11-11}
}

@electronic{INV,
	author = {Investopedia},
	url = {\url{{http://www.investopedia.com }},
	urldate = {2015-11-11},
}

@electronic{FORBES,
	author = {Brian Solomon},
	title = {It's Official: Apple Adds Dr. Dre With \$3 Billion Beats Deal},
	Publisher = {Forbes},
	year = "2014-05-28",
	url = {\url{{http://www.forbes.com/sites/briansolomon/2014/05/28/apple-brings-dr-dre-on-board-with-official-3-billion-beats-deal/ }},
	urldate = {2015-11-11},
}