@article{FornbergPSPolar,
    author  = "B. Fornberg",
    title   = "{A Pseudospectral Approach for Polar and Spherical Geometries}",
    journal = "SIAM Journal on Scientific Computing",
    volume  = "16",
    number  = "5",
    pages   = "1071-1081",
    year   = "1995"}

@book{FornbergText,
    author  = "B. Fornberg",
    title   = {A Practical Guide to Pseudospectral Methods},
    Publisher = "Cambridge University Press, Cambridge, U.K.",
    Year    = "1998"}

@article{InstSpecMeth,
    author  = "L.~N. Trefethen and M.~R. Trummer",
    title   = "{An Instability Phenomenon in Spectral Methods}",
    journal = "SIAM Journal on Numerical Analysis",
    volume  = "24",
    number  = "5",
    pages   = "1008-1022",
    year   = "1989" }

@book{TrefethenMATLAB,
    author  = "L.~N. Trefethen",
    title   = {Introduction to Spectral Methods Using MATLAB},
    Publisher = "SIAM, Philadelphia, PA.",
    Year    = "2000"}